<record><leader>00000cas a22000007a 4500</leader><controlfield tag="001">12349820</controlfield><controlfield tag="008">850805d18711871utudn ne      0    0eng d</controlfield><controlfield tag="009">5593</controlfield><datafield ind1=" " ind2=" " tag="010"><subfield code="a">sn 85058192 </subfield></datafield><datafield ind1=" " ind2=" " tag="040"><subfield code="a">UNP</subfield><subfield code="b">eng</subfield><subfield code="c">UNP</subfield><subfield code="d">DLC</subfield><subfield code="d">UNP</subfield><subfield code="d">NJW</subfield><subfield code="d">CNK</subfield></datafield><datafield ind1="1" ind2=" " tag="029"><subfield code="a">AU@</subfield><subfield code="b">000025806404</subfield></datafield><datafield ind1=" " ind2=" " tag="042"><subfield code="a">msc</subfield></datafield><datafield ind1="0" ind2="0" tag="050"><subfield code="a">Newspaper 9935</subfield></datafield><datafield ind1="0" ind2=" " tag="130"><subfield code="a">Corinne reporter (Corinne, Utah : Daily)</subfield></datafield><datafield ind1="0" ind2="4" tag="245"><subfield code="a">The Corrine reporter.</subfield></datafield><datafield ind1=" " ind2=" " tag="250"><subfield code="a">Daily ed.</subfield></datafield><datafield ind1=" " ind2=" " tag="260"><subfield code="a">Corinne, Utah :</subfield><subfield code="b">A. Aulbach &amp; Co.,</subfield><subfield code="c">1871.</subfield></datafield><datafield ind1=" " ind2=" " tag="300"><subfield code="a">1 v. ;</subfield><subfield code="c">52 cm.</subfield></datafield><datafield ind1=" " ind2=" " tag="310"><subfield code="a">Daily (except Sun.)</subfield></datafield><datafield ind1="0" ind2=" " tag="362"><subfield code="a">Vol. 3, no. 109 (Apr. 8, 1871)-v. 3, no. 154 (May 31, 1871).</subfield></datafield><datafield ind1=" " ind2=" " tag="500"><subfield code="a">"Anti-Mormon."</subfield></datafield><datafield ind1=" " ind2=" " tag="752"><subfield code="a">United States</subfield><subfield code="b">Utah</subfield><subfield code="c">Box Elder</subfield><subfield code="d">Corinne.</subfield></datafield><datafield ind1="0" ind2=" " tag="775"><subfield code="t">Corinne reporter (Corinne, Utah : Weekly)</subfield><subfield code="w">(DLC)sn 85058191</subfield></datafield><datafield ind1="0" ind2="0" tag="780"><subfield code="t">Daily Utah reporter</subfield><subfield code="w">(DLC)sn 85058190</subfield><subfield code="w">(OCoLC)12349631</subfield></datafield><datafield ind1="0" ind2="0" tag="785"><subfield code="t">Daily Corinne reporter</subfield><subfield code="w">(DLC)sn 86071495</subfield><subfield code="w">(OCoLC)13557667</subfield></datafield></record>